@onlynote{jiang1,
  note = {学业一等奖学金，2017年10月}
}
@onlynote{jiang2,
  note = {学业一等奖学金，2018年10月}
}
@onlynote{jiang3,
  note = {学业二等奖学金，2019年10月}
}
@onlynote{xiangmu1,
	note = {基于原位计算的多中心大数据分析系统，2019}
}