@techreport{2019baipishu,
  author = {赛迪顾问},
  title = {2019中国大数据产业发展白皮书},
  institution = {赛迪顾问},
  date = {2019年4月1日},
  address = {北京}
}
@article{hurwicz1972informationally,
  title={On informationally decentralized systems},
  author={Hurwicz, Leonid},
  journal={Decision and organization: A volume in Honor of J. Marschak},
  year={1972},
  pages={1--1},
  publisher={North-Holland}
}
@article{vickrey1961counterspeculation,
  title={Counterspeculation, auctions, and competitive sealed tenders},
  author={Vickrey, William},
  journal={The Journal of finance},
  volume={16},
  number={1},
  pages={8--37},
  year={1961},
  publisher={Wiley Online Library}
}
@article{varian2007position,
  title={Position auctions},
  author={Varian, Hal R},
  journal={international Journal of industrial Organization},
  volume={25},
  number={6},
  pages={1163--1178},
  year={2007},
  publisher={Elsevier}
}
@article{edelman2007internet,
  title={Internet advertising and the generalized second-price auction: Selling billions of dollars worth of keywords},
  author={Edelman, Benjamin and Ostrovsky, Michael and Schwarz, Michael},
  journal={American economic review},
  volume={97},
  number={1},
  pages={242--259},
  year={2007}
}
@article{goldberg2006competitive,
  title={Competitive auctions},
  author={Goldberg, Andrew V and Hartline, Jason D and Karlin, Anna R and Saks, Michael and Wright, Andrew},
  journal={Games and Economic Behavior},
  volume={55},
  number={2},
  pages={242--269},
  year={2006},
  publisher={Elsevier}
}
@article{nisan2001algorithmic,
  title={Algorithmic mechanism design},
  author={Nisan, Noam and Ronen, Amir},
  journal={Games and Economic behavior},
  volume={35},
  number={1-2},
  pages={166--196},
  year={2001},
  publisher={Elsevier}
}
@article{lehmann2002truth,
  title={Truth revelation in approximately efficient combinatorial auctions},
  author={Lehmann, Daniel and O{\'c}allaghan, Liadan Ita and Shoham, Yoav},
  journal={Journal of the ACM (JACM)},
  volume={49},
  number={5},
  pages={577--602},
  year={2002},
  publisher={ACM New York, NY, USA}
}
@inproceedings{archer2001truthful,
  title={Truthful mechanisms for one-parameter agents},
  author={Archer, Aaron and Tardos, {\'E}va},
  booktitle={Proceedings 42nd IEEE Symposium on Foundations of Computer Science},
  pages={482--491},
  year={2001},
  organization={IEEE}
}
@article{mu2008truthful,
  title={Truthful approximation mechanisms for restricted combinatorial auctions},
  author={Mu'Alem, Ahuva and Nisan, Noam},
  journal={Games and Economic Behavior},
  volume={64},
  number={2},
  pages={612--631},
  year={2008},
  publisher={Elsevier}
}
@article{gibbard1973manipulation,
  title={Manipulation of voting schemes: a general result},
  author={Gibbard, Allan},
  journal={Econometrica: journal of the Econometric Society},
  pages={587--601},
  year={1973},
  publisher={JSTOR}
}
@article{ibarra1975fast,
  title={Fast approximation algorithms for the knapsack and sum of subset problems},
  author={Ibarra, Oscar H and Kim, Chul E},
  journal={Journal of the ACM (JACM)},
  volume={22},
  number={4},
  pages={463--468},
  year={1975},
  publisher={ACM New York, NY, USA}
}
@inproceedings{briest2005approximation,
  title={Approximation techniques for utilitarian mechanism design},
  author={Briest, Patrick and Krysta, Piotr and V{\"o}cking, Berthold},
  booktitle={Proceedings of the thirty-seventh annual ACM symposium on Theory of computing},
  pages={39--48},
  year={2005}
}
@article{myerson1981optimal,
  title={Optimal auction design},
  author={Myerson, Roger B},
  journal={Mathematics of operations research},
  volume={6},
  number={1},
  pages={58--73},
  year={1981},
  publisher={INFORMS}
}
@inproceedings{ostrovsky2011reserve,
  title={Reserve prices in internet advertising auctions: A field experiment},
  author={Ostrovsky, Michael and Schwarz, Michael},
  booktitle={Proceedings of the 12th ACM conference on Electronic commerce},
  pages={59--60},
  year={2011}
}
@article{rassenti1982combinatorial,
  title={A combinatorial auction mechanism for airport time slot allocation},
  author={Rassenti, Stephen J and Smith, Vernon L and Bulfin, Robert L},
  journal={The Bell Journal of Economics},
  pages={402--417},
  year={1982},
  publisher={JSTOR}
}
@article{cramton2000collusive,
  title={Collusive bidding: Lessons from the FCC spectrum auctions},
  author={Cramton, Peter and Schwartz, Jesse A},
  journal={Journal of regulatory Economics},
  volume={17},
  number={3},
  pages={229--252},
  year={2000},
  publisher={Springer}
}
@article{federal2015procedures,
  title={Procedures for competitive bidding in auction 1000, including initial clearing target determination, qualifying to bid, and bidding in auctions 1001 (reverse) and 1002 (forward)},
  author={Federal Communications Commission and Federal Communications Commission},
  journal={Public notice FCC},
  pages={15--78},
  year={2015}
}
@article{roth2004kidney,
  title={Kidney exchange},
  author={Roth, Alvin E and S{\"o}nmez, Tayfun and {\"U}nver, M Utku},
  journal={The Quarterly journal of economics},
  volume={119},
  number={2},
  pages={457--488},
  year={2004},
  publisher={MIT Press}
}
@article{roth2005pairwise,
  title={Pairwise kidney exchange},
  author={Roth, Alvin E and S{\"o}nmez, Tayfun and {\"U}nver, M Utku},
  journal={Journal of Economic theory},
  volume={125},
  number={2},
  pages={151--188},
  year={2005},
  publisher={Elsevier}
}
@article{roth2007efficient,
  title={Efficient kidney exchange: Coincidence of wants in markets with compatibility-based preferences},
  author={Roth, Alvin E and S{\"o}nmez, Tayfun and {\"U}nver, M Utku},
  journal={American Economic Review},
  volume={97},
  number={3},
  pages={828--851},
  year={2007}
}
@article{sack201260,
  title={60 lives, 30 kidneys, all linked},
  author={Sack, Kevin},
  journal={New York Times},
  volume={18},
  pages={124--124}
  year={2012}
}
@article{ashlagi2015mix,
  title={Mix and match: A strategyproof mechanism for multi-hospital kidney exchange},
  author={Ashlagi, Itai and Fischer, Felix and Kash, Ian A and Procaccia, Ariel D},
  journal={Games and Economic Behavior},
  volume={91},
  pages={284--296},
  year={2015},
  publisher={Elsevier}
}
@article{gale1962college,
  title={College admissions and the stability of marriage},
  author={Gale, David and Shapley, Lloyd S},
  journal={The American Mathematical Monthly},
  volume={69},
  number={1},
  pages={9--15},
  year={1962},
  publisher={Taylor \& Francis}
}
@article{dubins1981machiavelli,
  title={Machiavelli and the Gale-Shapley algorithm},
  author={Dubins, Lester E and Freedman, David A},
  journal={The American Mathematical Monthly},
  volume={88},
  number={7},
  pages={485--494},
  year={1981},
  publisher={Taylor \& Francis}
}
@article{gao2010map,
  title={Map: Multiauctioneer progressive auction for dynamic spectrum access},
  author={Gao, Lin and Xu, Youyun and Wang, Xinbing},
  journal={IEEE Transactions on Mobile Computing},
  volume={10},
  number={8},
  pages={1144--1161},
  year={2010},
  publisher={IEEE}
}
@inproceedings{wang2011district,
  title={District: Embracing local markets in truthful spectrum double auctions},
  author={Wang, Wei and Li, Baochun and Liang, Ben},
  booktitle={2011 8th Annual IEEE Communications Society Conference on Sensor, Mesh and Ad Hoc Communications and Networks},
  pages={521--529},
  year={2011},
  organization={IEEE}
}
@inproceedings{yang2014promise,
  title={PROMISE: A framework for truthful and profit maximizing spectrum double auctions},
  author={Yang, Dejun and Zhang, Xiang and Xue, Guoliang},
  booktitle={IEEE INFOCOM 2014-IEEE Conference on Computer Communications},
  pages={109--117},
  year={2014},
  organization={IEEE}
}
@inproceedings{zhou2008ebay,
  title={eBay in the sky: Strategy-proof wireless spectrum auctions},
  author={Zhou, Xia and Gandhi, Sorabh and Suri, Subhash and Zheng, Haitao},
  booktitle={Proceedings of the 14th ACM international conference on Mobile computing and networking},
  pages={2--13},
  year={2008}
}
@article{zhong2007designing,
  title={On designing incentive-compatible routing and forwarding protocols in wireless ad-hoc networks},
  author={Zhong, Sheng and Li, Li Erran and Liu, Yanbin Grace and Yang, Yang Richard},
  journal={Wireless networks},
  volume={13},
  number={6},
  pages={799--816},
  year={2007},
  publisher={Springer}
}
@article{chen2010conflicts,
  title={Conflicts and incentives in wireless cooperative relaying: A distributed market pricing framework},
  author={Chen, Lin and Libman, Lavy and Leneutre, Jean},
  journal={IEEE Transactions on Parallel and Distributed Systems},
  volume={22},
  number={5},
  pages={758--772},
  year={2010},
  publisher={IEEE}
}
@inproceedings{yang2011truthful,
  title={Truthful auction for cooperative communications},
  author={Yang, Dejun and Fang, Xi and Xue, Guoliang},
  booktitle={Proceedings of the Twelfth ACM International Symposium on Mobile Ad Hoc Networking and Computing},
  pages={1--10},
  year={2011}
}
@article{chou2007sensing,
  title={Sensing data market},
  author={Chou, Chun Tung and Bulusu, Nirupama and Kanhere, Salil and others},
  journal={Proceedings of Poster Papers},
  pages={13--13},
  year={2007},
  publisher={Citeseer}
}
@inproceedings{reddy2010recruitment,
  title={Recruitment framework for participatory sensing data collections},
  author={Reddy, Sasank and Estrin, Deborah and Srivastava, Mani},
  booktitle={International Conference on Pervasive Computing},
  pages={138--155},
  year={2010},
  organization={Springer}
}
@inproceedings{danezis2005much,
  title={How much is location privacy worth?},
  author={Danezis, George and Lewis, Stephen and Anderson, Ross J},
  booktitle={WEIS},
  volume={5},
  year={2005},
  pages={21--35}
  organization={Citeseer}
}

@inproceedings{lee2010sell,
  title={Sell your experiences: a market mechanism based incentive for participatory sensing},
  author={Lee, Juong-Sik and Hoh, Baik},
  booktitle={2010 IEEE International Conference on Pervasive Computing and Communications (PerCom)},
  pages={60--68},
  year={2010},
  organization={IEEE}
}

@inproceedings{duan2012incentive,
  title={Incentive mechanisms for smartphone collaboration in data acquisition and distributed computing},
  author={Duan, Lingjie and Kubo, Takeshi and Sugiyama, Kohei and Huang, Jianwei and Hasegawa, Teruyuki and Walrand, Jean},
  booktitle={2012 Proceedings IEEE INFOCOM},
  pages={1701--1709},
  year={2012},
  organization={IEEE}
}

@inproceedings{li2013providing,
  title={Providing privacy-aware incentives for mobile sensing},
  author={Li, Qinghua and Cao, Guohong},
  booktitle={2013 IEEE international conference on pervasive computing and communications (PerCom)},
  pages={76--84},
  year={2013},
  organization={IEEE}
}

@inproceedings{koutsopoulos2013optimal,
  title={Optimal incentive-driven design of participatory sensing systems},
  author={Koutsopoulos, Iordanis},
  booktitle={2013 Proceedings IEEE INFOCOM},
  pages={1402--1410},
  year={2013},
  organization={IEEE}
}

@inproceedings{luo2014profit,
  title={Profit-maximizing incentive for participatory sensing},
  author={Luo, Tie and Tan, Hwee-Pink and Xia, Lirong},
  booktitle={IEEE INFOCOM 2014-IEEE Conference on Computer Communications},
  pages={127--135},
  year={2014},
  organization={IEEE}
}

@inproceedings{zhao2014crowdsource,
  title={How to crowdsource tasks truthfully without sacrificing utility: Online incentive mechanisms with budget constraint},
  author={Zhao, Dong and Li, Xiang-Yang and Ma, Huadong},
  booktitle={IEEE INFOCOM 2014-IEEE Conference on Computer Communications},
  pages={1213--1221},
  year={2014},
  organization={IEEE}
}

@ARTICLE{hard2018federated,
       author = {{Hard}, Andrew and {Rao}, Kanishka and {Mathews}, Rajiv and
         {Ramaswamy}, Swaroop and {Beaufays}, Fran{\c{c}}oise and
         {Augenstein}, Sean and {Eichner}, Hubert and {Kiddon}, Chlo{\'e} and
         {Ramage}, Daniel},
        title = "{Federated Learning for Mobile Keyboard Prediction}",
      journal = {arXiv e-prints},
     keywords = {Computer Science - Computation and Language},
         year = 2018,
        month = nov,
          eid = {arXiv:1811.03604},
        pages = {arXiv:1811.03604},
archivePrefix = {arXiv},
       eprint = {1811.03604},
 primaryClass = {cs.CL},
       adsurl = {https://ui.adsabs.harvard.edu/abs/2018arXiv181103604H},
      adsnote = {Provided by the SAO/NASA Astrophysics Data System}
}

@article{yang2019federated,
  title={Federated machine learning: Concept and applications},
  author={Yang, Qiang and Liu, Yang and Chen, Tianjian and Tong, Yongxin},
  journal={ACM Transactions on Intelligent Systems and Technology (TIST)},
  volume={10},
  number={2},
  pages={1--19},
  year={2019},
  publisher={ACM New York, NY, USA}
}

@article{wang2019edge,
  title={In-edge ai: Intelligentizing mobile edge computing, caching and communication by federated learning},
  author={Wang, Xiaofei and Han, Yiwen and Wang, Chenyang and Zhao, Qiyang and Chen, Xu and Chen, Min},
  journal={IEEE Network},
  volume={33},
  number={5},
  pages={156--165},
  year={2019},
  publisher={IEEE}
}

@inproceedings{tran2019federated,
  title={Federated learning over wireless networks: Optimization model design and analysis},
  author={Tran, Nguyen H and Bao, Wei and Zomaya, Albert and NH, Nguyen Minh and Hong, Choong Seon},
  booktitle={IEEE INFOCOM 2019-IEEE Conference on Computer Communications},
  pages={1387--1395},
  year={2019},
  organization={IEEE}
}

@inproceedings{samarakoon2018federated,
  title={Federated learning for ultra-reliable low-latency V2V communications},
  author={Samarakoon, Sumudu and Bennis, Mehdi and Saad, Walid and Debbah, Merouane},
  booktitle={2018 IEEE Global Communications Conference (GLOBECOM)},
  pages={1--7},
  year={2018},
  organization={IEEE}
}

@ARTICLE{shayan2019biscotti,
       author = {{Shayan}, Muhammad and {Fung}, Clement and {Yoon}, Chris J.~M. and
         {Beschastnikh}, Ivan},
        title = "{Biscotti: A Ledger for Private and Secure Peer-to-Peer Machine Learning}",
      journal = {arXiv e-prints},
     keywords = {Computer Science - Machine Learning, Computer Science - Cryptography and Security, Computer Science - Distributed, Parallel, and Cluster Computing, Statistics - Machine Learning},
         year = 2018,
        month = nov,
          eid = {arXiv:1811.09904},
        pages = {arXiv:1811.09904},
archivePrefix = {arXiv},
       eprint = {1811.09904},
 primaryClass = {cs.LG},
       adsurl = {https://ui.adsabs.harvard.edu/abs/2018arXiv181109904S},
      adsnote = {Provided by the SAO/NASA Astrophysics Data System}
}
@ARTICLE{kim2019blockchained,  
author={H. {Kim} and J. {Park} and M. {Bennis} and S. {Kim}},  
journal={IEEE Communications Letters},   
title={Blockchained On-Device Federated Learning},   
year={2019},   
pages={1--1},
}

@ARTICLE{fung2018mitigating,
       author = {{Fung}, Clement and {Yoon}, Chris J.~M. and {Beschastnikh}, Ivan},
        title = "{Mitigating Sybils in Federated Learning Poisoning}",
      journal = {arXiv e-prints},
     keywords = {Computer Science - Machine Learning, Computer Science - Cryptography and Security, Computer Science - Distributed, Parallel, and Cluster Computing, Statistics - Machine Learning},
         year = 2018,
        month = aug,
          eid = {arXiv:1808.04866},
        pages = {arXiv:1808.04866},
archivePrefix = {arXiv},
       eprint = {1808.04866},
 primaryClass = {cs.LG},
       adsurl = {https://ui.adsabs.harvard.edu/abs/2018arXiv180804866F},
      adsnote = {Provided by the SAO/NASA Astrophysics Data System}
}

@inproceedings{nishio2019client,
  title={Client selection for federated learning with heterogeneous resources in mobile edge},
  author={Nishio, Takayuki and Yonetani, Ryo},
  booktitle={ICC 2019-2019 IEEE International Conference on Communications (ICC)},
  pages={1--7},
  year={2019},
  organization={IEEE}
}